
@software{maven,
	author  = {{Apache Software Foundation}},
	version = {3.0.5},
	title	=	{Apache Maven},
	urldate	=	{2013-06-12},
	url	=	{http://maven.apache.org/}
}

@software{jellybean,
	author  = {{Open Handset Alliance}},
	version = {4.1 (Jelly Bean)},
	title	=	{Android},
	urldate	=	{2013-05-03},
	url	=	{http://developer.android.com/about/versions/jelly-bean.html}
}

@software{jre,
	author  = {{Oracle Corporation}},
	title	=	{Java SE},
	urldate	=	{2013-05-03},
	url	=	{http://www.oracle.com/technetwork/java/javase/index.html}
}

@software{balsamiq,
	author  = {{balsamiq}},
	title	=	{Balsamiq Mockups for Desktop},
	version = {2.2.10},
	urldate	=	{2013-05-03},
	url	=	{http://www.balsamiq.com/download}
}

@report{ieee830,
	author = {{IEEE Standards Association}},
	title = {830-1998 - IEEE Recommended Practice for Software Requirements Specifications},
	type = {IEEE-Standard},
	institution = {IEEE},
	year = {1998},
	url = {http://standards.ieee.org/findstds/standard/830-1998.html},
	urldate = {2013-05-03}
}

@image{img:nerd,
	author = {Aaron {Van Dike}},
	title = {Malvern},
	url = {http://de.fotopedia.com/items/flickr-3221087856},
	urldate = {2013-04-26},
	date = {2009-01-22},
}

@image{img:progamer,
	author = {{jareed}},
	title = {Jang "MC" Min Chul},
	subtitle = {Ein koreanischer Starcraft II Progamer},
	publisher = {{Wikimedia}},
	url = {http://wiki.teamliquid.net/starcraft2/index.php?title=File:Minchul_profile.jpg&filetimestamp=20120712043229},
	urldate = {2013-04-26},
	date = {2011-11-07},
}

@image{img:guy,
	author = {Guy {Beauch\'{e}}},
	title = {Guy Beauché in York, U.K.},
	publisher = {{Wikimedia}},
	url = {http://commons.wikimedia.org/wiki/File%3AGuy_beauch%C3%A9.jpg},
	urldate = {2013-04-26},
	date = {2006-08-18},
}

@image{img:admin,
	author = {Phil {Hollenback}},
	title = {Phil with 2-Post Rack},
	publisher = {{flickr}},
	url = {http://www.flickr.com/photos/51035766041@N01/43132285},
	urldate = {2013-04-26},
	date = {2005-09-10},
}

@video{androidtut,
	author = {{video2brain}},
	title = {Android 2},
	date = {2011-01-26},
	note = {{\sc isbn:} 978-3-8273-6368-8},
	url = {http://www.video2brain.com/de/videotraining/android-2},
	urldate = {2013-04-09}
}

@software{sqlite,
	author  = {{Das SQLite-Team}},
	title	=	{SQLite},
	version = {3.7.16.1},
	urldate	=	{2013-04-09},
	url	=	{http://www.sqlite.org/download.html}
}

@software{javasdk,
	author  = {{Sun Microsystems}},
	title	=	{Java SE Development Kit},
	version = {7u9},
	urldate	=	{2013-04-09},
	url	=	{http://www.oracle.com/technetwork/java/javase/downloads/jdk7u9-downloads-1859576.html}
}
date	=	{2012-10-17},

@software{eclipse,
	author  = {{Eclipse Foundation}},
	title	=	{Eclipse Classic},
	version = {4.2.2},
	urldate	=	{2013-04-09},
	url	=	{http://www.eclipse.org/downloads/}
}
date	=	{2012-06-27},

@software{eclemma,
	author  = {{Mountainminds GmbH \& Co. KG and Contributors}},
	title	=	{EclEmma},
	version = {2.1.4},
	urldate	=	{2013-04-09},
	url	=	{http://www.eclemma.org/}
}

@software{adt,
	author  = {{The Android Open Source Project}},
	title	=	{Android Development Toolkit},
	version = {20.0.3},
	urldate	=	{2013-04-09},
	url	=	{http://developer.android.com/sdk/installing/installing-adt.html}
}

@software{umlet,
	author  = {M. {Auer} and J. {Poelz} and A. {Fuernweger} and L. {Meyer} and T. {Tschurtschenthaler}},
	title	=	{UMLet},
	version = {11.5.1},
	urldate	=	{2013-04-09},
	url	=	{http://www.umlet.com/changes.htm}
}

@software{spdf,
	author  = {Krzystof {Kowalczyk} and Simon {Bünzli} and {William Blum}},
	title	=	{Sumatra PDF},
	version = {2.2.1},
	urldate	=	{2013-04-09},
	url	=	{http://blog.kowalczyk.info/software/sumatrapdf/free-pdf-reader-de.html}
}

@software{gimp,
	author  = {Spencer {Kimball} and Peter {Mattis} and {GIMP-Entwicklerteam}},
	title	=	{GNU Image Manipulation Program},
	version = {2.8.4},
	urldate	=	{2013-04-09},
	url	=	{http://www.gimp.org/downloads/}
}

@software{miktex,
	author  = {Christian {Schenk}},
	title	=	{MiKTeX},
	version = {2.9.4813},
	urldate	=	{2013-04-09},
	url	=	{http://miktex.org/download}
}

@software{texniccenter,
	author  = {{The TeXnicCenter Team}},
	title	=	{TeXnicCenter},
	version = {2.0 Beat 1},
	urldate	=	{2013-04-09},
	url	=	{http://www.texniccenter.org/resources/downloads/29}
}

@software{tortoise,
	author  = {Stefan {K{\"u}ng} and L{\"u}bbe {Onken}},
	title	=	{TortoiseSVN},
	version = {1.7.12},
	urldate	=	{2013-04-09},
	url	=	{http://tortoisesvn.net/downloads.html}
}

@software{junit,
	author  = {Kent {Beck} and Erich {Gamma} and others},
	title	=	{JUnit},
	version = {4.10},
	urldate	=	{2013-04-09},
	url	=	{https://github.com/junit-team/junit}
}

@online{codeconv,
	author  = {{Sun Microsystems}},
	title	=	{Code Conventions for the Java Programming Language},
	date = {1999-04-20},
	urldate	=	{2013-04-09},
	url	=	{http://www.oracle.com/technetwork/java/codeconv-138413.html}
}

Javadoc ist im JDK enthalten, also eventuell obsolet.
@software{javadoc,
	author  = {{Sun Microsystems}},
	title	=	{Javadoc},
	version = {5.0},
	urldate	=	{2013-04-09},
	url	=	{http://www.oracle.com/technetwork/java/javase/documentation/index-137483.html#findjavadoc}
}

@software{androidapi,
	author  = {{The Android Open Source Project}},
	title	=	{Android SDK Platform},
	version = {2.3.3.\_r2},
	urldate	=	{2013-04-09},
	url	=	{http://developer.android.com/about/versions/android-2.3.3.html},
	note = {API Level: 10}
}

@software{androidsdk,
	author  = {{The Android Open Source Project}},
	title	=	{Android SDK Manager},
	version = {20.0.3},
	urldate	=	{2013-04-09},
	url	=	{http://developer.android.com/sdk/index.html}
}

@software{libgdx,
	author  = {{Badlogic Games}},
	title	=	{libGDX},
	version = {0.9.8},
	urldate	=	{2013-04-09},
	url	=	{http://libgdx.badlogicgames.com}
}

@software{jira,
	author  = {{Atlassian}},
	title	=	{JIRA},
	version = {5.2.10},
	urldate	=	{2013-04-09},
	url	=	{http://www.atlassian.com/de/software/jira/overview}
}

@software{confl,
	author  = {{Atlassian}},
	title	=	{Confluence},
	version = {5.1},
	urldate	=	{2013-04-09},
	url	=	{http://www.atlassian.com/de/software/confluence/overview/team-collaboration-software}
}

@software{msp,
author = {{Microsoft Corporation}},
title =  {Microsoft Project},
version = {Project 2013},
urldate = {2013-04-11},
url = {http://www.microsoft.com/project/de/de/default.aspx}
}

@booklet{pjpl,
author = {Johannes {Riester} and Andreas {Romero Früh} and Hannes {Welling} and Jonas {Beenega} and Tatjana {Steckel} and Jörg {Wilhelms}},
institution = {Universität Bremen},
title =  {Projektplan},
version = {1.0.0},
year = {Winter Semester 2013}
}

@booklet{anfspez,
author = {Johannes {Riester} and Andreas {Romero Früh} and Hannes {Welling}},
institution = {Universität Bremen},
title =  {Anforderungsspezifikation},
version = {1.0.0},
year = {Sommer Semester 2013}
}

@booklet{anfspz,
author = {Johannes {Riester} and Andreas {Romero Früh} and Hannes {Welling}},
institution = {Universität Bremen},
title =  {Anforderungsspezifikation},
version = {1.0.2},
year = {Sommer Semester 2013}
}

@booklet{archiwrf,
author = {Johannes {Riester} and Andreas {Romero Früh} and Hannes {Welling}},
institution = {Universität Bremen},
title =  {Architekturentwurf},
version = {1.0.0},
year = {Sommer Semester 2013}
}

@misc{paarprog,
	title = {Paarprogrammierung},
	date = {2013-04-03},
	url = {http://de.wikipedia.org/w/index.php?title=Paarprogrammierung&oldid=116711111},
	urldate = {2013-04-13},
	author = {{Wikipedia}}
}

@misc{camelcase,
	title = {Binnenmajuskel},
	date = {2013-04-02},
	url = {http://de.wikipedia.org/w/index.php?title=Binnenmajuskel&oldid=116545096#Verwendung_in_Programmiersprachen},
	urldate = {2013-04-13},
	author = {{Wikipedia}}
}

@software{ftl, 
	title = {FTL: Faster Than Light},
	author = {Justin {Ma} and Matthew {Davis}},
	url = {http://www.ftlgame.com/},
	urldate = {2013-04-15},
	version = {1.03.1},
}

@software{javaruntime, 
	title = {Java Runtime},
	author = {Oracle},
	url = {http://www.java.com/de/download/},
	urldate = {2013-04-23},
	version = {7 Update 21},
}

@software{android, 
	title = {Android},
	author = {Open Handset Alliance},
	url = {http://www.android.com/},
	urldate = {2013-04-23},
	version = {Jelly Bean (4.2)},
}

@misc{archos,
	title = {Archos 101 XS},
	author = {Archos S.A.},
	url = {http://www.archos.com/products/gen10/archos_101xs},
	urldate = {2013-04-26},
}

@misc{wiki:bcrypt,
	title = {bcrypt},
	date = {2013-06-02},
	url = {http://en.wikipedia.org/w/index.php?title=Bcrypt&oldid=557991863},
	urldate = {2013-06-06},
	author = {{Wikipedia}}
}